@paper{weavr_whitepaper,
    title        = {From Passive Viewer to Active Fan: Interactive Audience Experiences in Esports},
    year         = {2024},
    month        = {June},
    url          = {https://andersdrachen.com/wp-content/uploads/2024/06/weavr_whitepaper.pdf},
    note         = {Accessed: 2024-08-27}
}

@inproceedings{block2018narrative,
    author       = {Block, Florian and Hodge, Victoria and Hobson, Stephen and Sephton, Nick and Devlin, Sam and Ursu, Marian F. and Drachen, Anders and Cowling, Peter I.},
    title        = {Narrative Bytes: Data-Driven Content Production in Esports},
    year         = {2018},
    isbn         = {9781450351157},
    publisher    = {Association for Computing Machinery},
    address      = {New York, NY, USA},
    url          = {https://doi-org.proxy1-bib.sdu.dk/10.1145/3210825.3210833},
    doi          = {10.1145/3210825.3210833},
    booktitle    = {Proceedings of the 2018 ACM International Conference on Interactive Experiences for TV and Online Video},
    pages        = {29--41},
    numpages     = {13},
    keywords     = {content production, data-driven storytelling, esports},
    location     = {SEOUL, Republic of Korea},
    series       = {TVX '18}
}

@inproceedings{10.1145/3639701.3656318,
    author       = {Pedrassoli Chitayat, Alan and Coates, Alistair and Block, Florian and Drachen, Anders and Walker, James Alfred and Dean, James and Mcconachie, Mark and York, Peter},
    title        = {From Passive Viewer to Active Fan: Towards the Design and Large-Scale Evaluation of Interactive Audience Experiences in Esports and Beyond},
    year         = {2024},
    isbn         = {9798400705038},
    publisher    = {Association for Computing Machinery},
    address      = {New York, NY, USA},
    url          = {https://doi-org.proxy1-bib.sdu.dk/10.1145/3639701.3656318},
    doi          = {10.1145/3639701.3656318},
    booktitle    = {Proceedings of the 2024 ACM International Conference on Interactive Media Experiences},
    pages        = {94--107},
    numpages     = {14},
    keywords     = {Dota 2, audience engagement, broadcasting, data visualisation, esport, esports, interactive content, streaming},
    location     = {Stockholm, Sweden},
    series       = {IMX '24}
}

@misc{twitch_website,
    title        = {Twitch: Live Streaming Platform},
    howpublished = {\url{https://www.twitch.tv/}},
    note         = {Accessed: 2024-08-27}
}

@misc{twitch_stats,
    title        = {Twitch Revenue and Usage Statistics},
    author       = {{Business of Apps}},
    year         = {2024},
    howpublished = {\url{https://www.businessofapps.com/data/twitch-statistics/}},
    note         = {Accessed: 2024-08-27}
}

@misc{esports_explanation,
    title        = {What are e-sports and why are they so popular?},
    author       = {{Telefónica}},
    howpublished = {\url{https://www.telefonica.com/en/communication-room/blog/what-are-e-sports-and-why-are-they-so-popular/}},
    note         = {Accessed: 2024-08-27}
}

@misc{steam_indie_releases,
    title        = {Steam Indie Game Releases},
    year         = {2024},
    howpublished = {\url{https://steamdb.info/stats/releases/?tagid=492#:~:text=5249%20Indie%20games%20have%20been,Filter%20games.}},
    note         = {Accessed: 2024-08-27}
}

@misc{steam_facts,
    title        = {Steam - Statistics & Facts},
    author       = {{Statista}},
    year         = {2024},
    howpublished = {\url{https://www.statista.com/topics/4282/steam/}},
    note         = {Accessed: 2024-08-27}
}

@misc{steam,
    title        = {Steam - Official Store Page},
    year         = {2024},
    howpublished = {\url{https://store.steampowered.com/}},
    note         = {Accessed: 2024-08-27}
}

@misc{runic_dices_linkedin,
    title        = {Runic Dices Entertainment - LinkedIn Posts},
    year         = {2024},
    howpublished = {\url{https://www.linkedin.com/company/runic-dices-entertainment/posts/?feedView=all}},
    note         = {Accessed: 2024-08-27}
}

@misc{indie_games_fail,
    title        = {Why Do Indie Games Fail?},
    author       = {{Game Marketing Genie}},
    howpublished = {\url{https://www.gamemarketinggenie.com/blog/why-do-indie-games-fail}},
    note         = {Accessed: 2024-08-27}
}

@misc{titanfall2_sales,
    title        = {EA: Titanfall 2 Didn’t Meet Sales Expectations},
    author       = {{VentureBeat}},
    howpublished = {\url{https://venturebeat.com/games/ea-titanfall-2-didnt-meet-sales-expectations/}},
    note         = {Accessed: 2024-08-27}
}

@misc{twitch_game_creator_success,
    title        = {Game Creator Success on Twitch: Hard Numbers},
    author       = {{Twitch}},
    year         = {2016},
    howpublished = {\url{https://blog.twitch.tv/en/2016/07/13/game-creator-success-on-twitch-hard-numbers-688154815817/#.2r6hk8dgh}},
    note         = {Accessed: 2024-08-27}
}

@article{youtube_reviews_sales,
    title        = {The Effect of YouTube Reviews on Video Game Sales},
    author       = {{To be updated with actual author(s)}},
    year         = {2021},
    journal      = {ResearchGate},
    howpublished = {\url{https://www.researchgate.net/publication/353737385_The_Effect_of_YouTube_Reviews_on_Video_Game_Sales}},
    note         = {Accessed: 2024-08-27}
}